Table: Table_1

Account Name ,:Mr. HANMANTRAO PEERAJI JAMDADE ,
Address : H GANDHI ,NO 1-21-413/1 S NO 23 NO 17 OPP RAJIV PRIMARY SCHOOL NAGARJUNA HINGOLI NAKA NANDED-431605 Nanded ,
Date ,:13 Apr 2022 ,
Account Number ,:00000030666712418 ,
Account Description ,:REGULAR SB CHQ-INDIVIDUALS ,
Branch ,:APMC NANDED ,
Drawing Power ,:0.00 ,
Interest Rate(% p.a.) ,:2.7 ,
MOD Balance ,:0.00 ,
CIF No. ,:85440429763 ,
IFS Code (Indian Financial System) ,:SBIN0005935 ,
MICR Code ,431002968 ,
(Magnetic Ink Character ,Recognition) ,
Nomination Registered ,:No ,
Balance as on 13 Oct 2021 ,:13,999.60 ,





Table: Table_2

Txn Date ,Value Date ,Description ,Ref No./Cheque No. ,Debit ,Credit ,Balance ,
13 Oct 2021 ,13 Oct 2021 ,TO TRANSFER- UPI/DR/128689923010/GUNW ANT YYESB/Q79140433@/Payme- ,TRANSFER TO 5097736162091 ,337.52 ,,13,662.08 ,
13 Oct 2021 ,13 Oct 2021 ,TO TRANSFER- UPI/DR/128636615030/K GURUJI/YESB/Q388695599/Pa yme- ,TRANSFER TO 5097687162095 ,17.48 ,,13,644.60 ,
18 Oct 2021 ,18 Oct 2021 ,by debit card- OTHPOS129102002102BPCL AKASH PETROLEUM NANDED- ,,340.00 ,,13,304.60 ,
18 Oct 2021 ,18 Oct 2021 ,TO TRANSFER- UPI/DR/129173778537/IYNUL HAQ/ANDB/9440964877/Paym- ,TRANSFER TO 5099393162093 ,300.00 ,,13,004.60 ,
19 Oct 2021 ,19 Oct 2021 ,TO TRANSFER- UPI/DR/129234380807/K GURUJI/YESB/Q388695599/Pa yme- ,TRANSFER TO 4692469162094 ,20.00 ,,12,984.60 ,
19 Oct 2021 ,19 Oct 2021 ,TO TRANSFER- UPI/DR/129253466172/GURU MUKH/IOBA/Q32360723@/Pa me- ,TRANSFER TO 4693912162095 ,180.00 ,,12,804.60 ,
20 Oct 2021 ,20 Oct 2021 ,by debit card- OTHPOS129318253756MSW* PAWDE PETROLIUM Nanded - ,,350.00 ,,12,454.60 ,
21 Oct 2021 ,21 Oct 2021 ,TO TRANSFER- UPI/DR/129492548135/Mr SHRI/YESB/Q72235419@/Pay me- ,TRANSFER TO 5097801162097 ,33.00 ,,12,421.60 ,
22 Oct 2021 ,22 Oct 2021 ,DEBIT- 00000005935DOM surcharge/tips/rate diff dtd- ,,3.15 ,,12,418.45 ,
23 Oct 2021 ,23 Oct 2021 ,TO TRANSFER- JPI/DR/129642369458/Shantai /YESB/Q95571488@/Payme- ,TRANSFER TO 5097976162097 ,470.00 ,,11,948.45 ,





